<record><leader>00000cas a22000007a 4500</leader><controlfield tag="001">18385609</controlfield><controlfield tag="008">880822d18921892ohucn ne      0    0eng d</controlfield><datafield ind1=" " ind2=" " tag="010"><subfield code="a">sn 88077682 </subfield></datafield><datafield ind1=" " ind2=" " tag="040"><subfield code="a">ONP</subfield><subfield code="b">eng</subfield><subfield code="c">ONP</subfield><subfield code="d">OCLCQ</subfield></datafield><datafield ind1=" " ind2=" " tag="042"><subfield code="a">msc</subfield></datafield><datafield ind1="0" ind2="0" tag="245"><subfield code="a">"Wahoo."</subfield></datafield><datafield ind1=" " ind2=" " tag="260"><subfield code="a">[Columbus, Ohio] :</subfield><subfield code="b">Literary Societies of The Ohio State University,</subfield><subfield code="c">1892.</subfield></datafield><datafield ind1=" " ind2=" " tag="310"><subfield code="a">Semiweekly (during college year)</subfield></datafield><datafield ind1="0" ind2=" " tag="362"><subfield code="a">Vol. 13, no. 1 (Sept. 14, 1892)-v. 13, no. 20 (Nov. 22, 1892).</subfield></datafield><datafield ind1=" " ind2=" " tag="752"><subfield code="a">United States</subfield><subfield code="b">Ohio</subfield><subfield code="c">Franklin</subfield><subfield code="d">Columbus.</subfield></datafield></record>